@misc{astorino_2010,
    title = {Styles of Proofs},
    url = {https://www.arlingtonschools.org/cms/lib/NY02215626/Centricity/Domain/4295/Styles-of-Proofs_1.pdf},
    author = {Astorino, Louis},
    urldate = {2023-08-14},
    year = {2010},
}

@book{mancosu_2021,
    title = {An Introduction to Proof Theory: Normalization, Cut-Elimination, and Consistency Proofs},
    year = {2021},
    edition = {1},
    publisher = {Oxford University {PressOxford}},
    author = {Mancosu, Paolo and Galvan, Sergio and Zach, Richard},
    doi = {10.1093/oso/9780192895936.001.0001},
    isbn = {978-0-19-289593-6 978-0-19-193879-5},
}